@inproceedings{cao2017realtime,
  author = {Zhe Cao and Tomas Simon and Shih-En Wei and Yaser Sheikh},
  booktitle = {CVPR},
  title = {Realtime Multi-Person 2D Pose Estimation using Part Affinity Fields},
  year = {2017}
}

@article{dong2017smooth,
  title={Smooth assembled mappings for large-scale real walking},
  author={Dong, Zhi-Chao and Fu, Xiao-Ming and Zhang, Chi and Wu, Kang and Liu, Ligang},
  journal={ACM Transactions on Graphics (TOG)},
  volume={36},
  number={6},
  pages={211},
  year={2017},
  publisher={ACM}
}

@article{xu2012smart,
  title={Smart insole: A wearable system for gait analysis},
  author={Xu, Wenyao and Huang, Ming-Chun and Amini, Navid and Liu, Jason J and He, Lei and Sarrafzadeh, Majid},
  booktitle={Proceedings of the 5th International Conference on PErvasive Technologies Related to Assistive Environments},
  pages={18},
  year={2012},
  organization={ACM}
}

@article{manupibul2014design,
  title={Design and development of SMART insole system for plantar pressure measurement in imbalance human body and heavy activities},
  author={Manupibul, Udomporn and Charoensuk, Warakorn and Kaimuk, Panya},
  booktitle={Biomedical Engineering International Conference (BMEiCON), 2014 7th},
  pages={1--5},
  year={2014},
  organization={IEEE}
}

@article{daiber2017footstriker,
  title={FootStriker: A Wearable EMS-based Foot Strike Assistant for Running},
  author={Daiber, Florian and Kosmalla, Felix and Wiehr, Frederik and Kr{\"u}ger, Antonio},
  booktitle={Proceedings of the 2017 ACM International Conference on Interactive Surfaces and Spaces},
  pages={421--424},
  year={2017},
  organization={ACM}
}

@article{mladenov2009step,
  title={A step counter service for Java-enabled devices using a built-in accelerometer},
  author={Mladenov, Martin and Mock, Michael},
  booktitle={Proceedings of the 1st international workshop on context-aware middleware and services: affiliated with the 4th international conference on communication system software and middleware (COMSWARE 2009)},
  pages={1--5},
  year={2009},
  organization={ACM}
}

@article{tumkur2012modeling,
  title={Modeling human walking for step detection and stride determination by 3-axis accelerometer readings in pedometer},
  author={Tumkur, Kashyap and Subbiah, Suneeth},
  booktitle={Computational Intelligence, Modelling and Simulation (CIMSiM), 2012 Fourth International Conference on},
  pages={199--204},
  year={2012},
  organization={IEEE}
}

@article{cho2017design,
  title={Design and Implementation of a Lightweight Smart Insole for Gait Analysis},
  author={Cho, Hyuntae},
  booktitle={Trustcom/BigDataSE/ICESS, 2017 IEEE},
  pages={792--797},
  year={2017},
  organization={IEEE}
}

@article{lin2016smart,
  title={Smart insole: A wearable sensor device for unobtrusive gait monitoring in daily life},
  author={Lin, Feng and Wang, Aosen and Zhuang, Yan and Tomita, Machiko R and Xu, Wenyao},
  journal={IEEE Transactions on Industrial Informatics},
  volume={12},
  number={6},
  pages={2281--2291},
  year={2016},
  publisher={IEEE}
}

@article{wu2015energy,
  title={An energy-efficient adaptive sensing framework for gait monitoring using smart insole},
  author={Wu, Yingxiao and Xu, Wenyao and Liu, Jason J and Huang, Ming-Chun and Luan, Shuang and Lee, Yuju},
  journal={IEEE Sensors Journal},
  volume={15},
  number={4},
  pages={2335--2343},
  year={2015},
  publisher={IEEE}
}

@article{son2018realwalk,
  title={RealWalk: Feeling Ground Surfaces While Walking in Virtual Reality},
  author={Son, Hyungki and Gil, Hyunjae and Byeon, Sangkyu and Kim, Sang-Youn and Kim, Jin Ryong},
  booktitle={Extended Abstracts of the 2018 CHI Conference on Human Factors in Computing Systems},
  pages={D400},
  year={2018},
  organization={ACM}
}

@article{oagaz2018vrinsole,
  title={VRInsole: An unobtrusive and immersive mobility training system for stroke rehabilitation},
  author={Oagaz, Hawkar and Sable, Anurag and Choi, Min-Hyung and Xu, Wenyao and Lin, Feng},
  booktitle={Wearable and Implantable Body Sensor Networks (BSN), 2018 IEEE 15th International Conference on},
  pages={5--8},
  year={2018},
  organization={IEEE}
}

@article{roden2014development,
  title={Development of a smart insole tracking system for physical therapy and athletics},
  author={Roden, Timothy E and LeGrand, Rob and Fernandez, Raul and Brown, Jacqueline and Deaton, James Ed and Ross, Johnny},
  booktitle={Proceedings of the 7th International Conference on PErvasive Technologies Related to Assistive Environments},
  pages={40},
  year={2014},
  organization={ACM}
}



@misc{wearable2016,
  title={Wearable Technology Platform},
  howpublished={\url{https://smartinsolewearabletechnology.wordpress.com/2016/03/17/vr-game-with-smart-insoleps4/}}
}


@misc{virtual,
  title={Virtual Reality and Video Games},
  howpublished={\url{http://www.brilliantsole.com/virtual-reality/}}
}

@book{mitsa2010temporal,
  title={Temporal data mining},
  author={Mitsa, Theophano},
  year={2010},
  publisher={Chapman and Hall/CRC}
}

@inproceedings{xi2006fast,
  title={Fast time series classification using numerosity reduction},
  author={Xi, Xiaopeng and Keogh, Eamonn and Shelton, Christian and Wei, Li and Ratanamahatana, Chotirat Ann},
  booktitle={Proceedings of the 23rd international conference on Machine learning},
  pages={1033--1040},
  year={2006},
  organization={ACM}
}

@inproceedings{matthies2017capsoles,
  title={CapSoles: who is walking on what kind of floor?},
  author={Matthies, Denys JC and Roumen, Thijs and Kuijper, Arjan and Urban, Bodo},
  booktitle={Proceedings of the 19th International Conference on Human-Computer Interaction with Mobile Devices and Services},
  pages={9},
  year={2017},
  organization={ACM}
}

@inproceedings{fukahori2015exploring,
  title={Exploring subtle foot plantar-based gestures with sock-placed pressure sensors},
  author={Fukahori, Koumei and Sakamoto, Daisuke and Igarashi, Takeo},
  booktitle={Proceedings of the 33rd Annual ACM Conference on Human Factors in Computing Systems},
  pages={3019--3028},
  year={2015},
  organization={ACM}
}

@inproceedings{matthies2013shoesolesense,
	title={ShoeSoleSense: proof of concept for a wearable foot interface for virtual and real environments},
	author={Matthies, Denys JC and M{\"u}ller, Franz and Anthes, Christoph and Kranzlm{\"u}ller, Dieter},
	booktitle={Proceedings of the 19th ACM Symposium on Virtual Reality Software and Technology},
	pages={93--96},
	year={2013},
	organization={ACM}
}

@inproceedings{pearson1988exploratory,
	title={Exploratory evaluation of a planar foot-operated cursor-positioning device},
	author={Pearson, Glenn and Weiser, Mark},
	booktitle={Proceedings of the SIGCHI conference on Human factors in computing systems},
	pages={13--18},
	year={1988},
	organization={ACM}
}

@inproceedings{lu2013hand,
	title={Hand and foot gesture interaction for handheld devices},
	author={Lu, Zhihan and Lal Khan, Muhammad Sikandar and Ur R{\'e}hman, Shafiq},
	booktitle={Proceedings of the 21st ACM international conference on Multimedia},
	pages={621--624},
	year={2013},
	organization={ACM}
}


@inproceedings{usoh1999walking,
  title={Walking> walking-in-place> flying, in virtual environments},
  author={Usoh, Martin and Arthur, Kevin and Whitton, Mary C and Bastos, Rui and Steed, Anthony and Slater, Mel and Brooks Jr, Frederick P},
  booktitle={Proceedings of the 26th annual conference on Computer graphics and interactive techniques},
  pages={359--364},
  year={1999},
  organization={ACM Press/Addison-Wesley Publishing Co.}
}

@article{lara2013survey,
	title={A survey on human activity recognition using wearable sensors.},
	author={Lara, Oscar D and Labrador, Miguel A and others},
	journal={IEEE Communications Surveys and Tutorials},
	volume={15},
	number={3},
	pages={1192--1209},
	year={2013}
}

@inproceedings{minnen2007recognizing,
	title={Recognizing soldier activities in the field},
	author={Minnen, David and Westeyn, Tracy and Ashbrook, Daniel and Presti, Peter and Starner, Thad},
	booktitle={4th International workshop on wearable and implantable body sensor networks (BSN 2007)},
	pages={236--241},
	year={2007},
	organization={Springer}
}

@article{ponce2016flexible,
	title={A flexible approach for human activity recognition using artificial hydrocarbon networks},
	author={Ponce, Hiram and Miralles-Pechu{\'a}n, Luis and Mart{\'\i}nez-Villase{\~n}or, Mar{\'\i}a de Lourdes},
	journal={Sensors},
	volume={16},
	number={11},
	pages={1715},
	year={2016},
	publisher={Multidisciplinary Digital Publishing Institute}
}

@inproceedings{tajadura2015light,
	title={As light as your footsteps: altering walking sounds to change perceived body weight, emotional state and gait},
	author={Tajadura-Jim{\'e}nez, Ana and Basia, Maria and Deroy, Ophelia and Fairhurst, Merle and Marquardt, Nicolai and Bianchi-Berthouze, Nadia},
	booktitle={Proceedings of the 33rd Annual ACM Conference on Human Factors in Computing Systems},
	pages={2943--2952},
	year={2015},
	organization={ACM}
}

@inproceedings{simeone2014feet,
	title={Feet movement in desktop 3D interaction},
	author={Simeone, Adalberto L and Velloso, Eduardo and Alexander, Jason and Gellersen, Hans},
	booktitle={3D User Interfaces (3DUI), 2014 IEEE Symposium on},
	pages={71--74},
	year={2014},
	organization={IEEE}
}

@article{velloso2015feet,
	title={The feet in human--computer interaction: A survey of foot-based interaction},
	author={Velloso, Eduardo and Schmidt, Dominik and Alexander, Jason and Gellersen, Hans and Bulling, Andreas},
	journal={ACM Computing Surveys (CSUR)},
	volume={48},
	number={2},
	pages={21},
	year={2015},
	publisher={ACM}
}

@inproceedings{velloso2015interactions,
	title={Interactions under the desk: A characterisation of foot movements for input in a seated position},
	author={Velloso, Eduardo and Alexander, Jason and Bulling, Andreas and Gellersen, Hans},
	booktitle={Human-Computer Interaction},
	pages={384--401},
	year={2015},
	organization={Springer}
}

@inproceedings{schneider2013real,
	title={Real-time gait classification for persuasive smartphone apps: Structuring the literature and pushing the limits},
	author={Schneider, Oliver S and MacLean, Karon E and Altun, Kerem and Karuei, Idin and Wu, Michael},
	booktitle={Proceedings of the 2013 international conference on Intelligent user interfaces},
	pages={161--172},
	year={2013},
	organization={ACM}
}

@article{bulling2014tutorial,
	title={A tutorial on human activity recognition using body-worn inertial sensors},
	author={Bulling, Andreas and Blanke, Ulf and Schiele, Bernt},
	journal={ACM Computing Surveys (CSUR)},
	volume={46},
	number={3},
	pages={33},
	year={2014},
	publisher={ACM}
}

@article{davies2016personalized,
	title={A Personalized Self-Management Rehabilitation System for Stroke Survivors: A Quantitative Gait Analysis Using a Smart Insole},
	author={Davies, Richard John and Parker, Jack and McCullagh, Paul and Zheng, Huiru and Nugent, Chris and Black, Norman David and Mawson, Susan},
	journal={JMIR rehabilitation and assistive technologies},
	volume={3},
	number={2},
	year={2016},
	publisher={JMIR Publications Inc.}
}

@inproceedings{anguita2012human,
	title={Human activity recognition on smartphones using a multiclass hardware-friendly support vector machine},
	author={Anguita, Davide and Ghio, Alessandro and Oneto, Luca and Parra, Xavier and Reyes-Ortiz, Jorge L},
	booktitle={International workshop on ambient assisted living},
	pages={216--223},
	year={2012},
	organization={Springer}
}

@inproceedings{blanke2010all,
	title={All for one or one for all? Combining heterogeneous features for activity spotting},
	author={Blanke, Ulf and Schiele, Bernt and Kreil, Matthias and Lukowicz, Paul and Sick, Bernhard and Gruber, Thiemo},
	booktitle={Pervasive Computing and Communications Workshops (PERCOM Workshops), 2010 8th IEEE International Conference on},
	pages={18--24},
	year={2010},
	organization={IEEE}
}

@inproceedings{yang2015deep,
	title={Deep Convolutional Neural Networks on Multichannel Time Series for Human Activity Recognition.},
	author={Yang, Jianbo and Nguyen, Minh Nhut and San, Phyo Phyo and Li, Xiaoli and Krishnaswamy, Shonali},
	booktitle={Ijcai},
	volume={15},
	pages={3995--4001},
	year={2015}
}

@inproceedings{bulling2008robust,
	title={Robust recognition of reading activity in transit using wearable electrooculography},
	author={Bulling, Andreas and Ward, Jamie A and Gellersen, Hans and Tr{\"o}ster, Gerhard},
	booktitle={International Conference on Pervasive Computing},
	pages={19--37},
	year={2008},
	organization={Springer}
}

@article{nilsson2018natural,
	title={Natural walking in virtual reality: A review},
	author={Nilsson, Niels Christian and Serafin, Stefania and Steinicke, Frank and Nordahl, Rolf},
	journal={Computers in Entertainment (CIE)},
	volume={16},
	number={2},
	pages={8},
	year={2018},
	publisher={ACM}
}

@inproceedings{wendt2010gud,
	title={Gud wip: Gait-understanding-driven walking-in-place},
	author={Wendt, Jeremy D and Whitton, Mary C and Brooks Jr, Frederick P},
	booktitle={Proceedings/IEEE Virtual Reality Conference; sponsored by IEEE Computer Society Technical Committee on Visualization and Graphics. IEEE Virtual Reality Conference},
	volume={2010},
	pages={51},
	year={2010},
	organization={NIH Public Access}
}

@inproceedings{feasel2008llcm,
	title={LLCM-WIP: Low-latency, continuous-motion walking-in-place},
	author={Feasel, Jeff and Whitton, Mary C and Wendt, Jeremy D},
	booktitle={3D User Interfaces, 2008. 3DUI 2008. IEEE Symposium on},
	pages={97--104},
	year={2008},
	organization={IEEE}
}

@inproceedings{bruno2013new,
	title={A new approach to walking in place},
	author={Bruno, Lu{\'\i}s and Pereira, Jo{\~a}o and Jorge, Joaquim},
	booktitle={IFIP Conference on Human-Computer Interaction},
	pages={370--387},
	year={2013},
	organization={Springer}
}

@inproceedings{bhandari2017legomotion,
	title={Legomotion: scalable walking-based virtual locomotion},
	author={Bhandari, Jiwan and Tregillus, Sam and Folmer, Eelke},
	booktitle={Proceedings of the 23rd ACM Symposium on Virtual Reality Software and Technology},
	pages={18},
	year={2017},
	organization={ACM}
}

@inproceedings{nordahl2010preliminary,
	title={Preliminary experiment combining virtual reality haptic shoes and audio synthesis},
	author={Nordahl, Rolf and Berrezag, Amir and Dimitrov, Smilen and Turchet, Luca and Hayward, Vincent and Serafin, Stefania},
	booktitle={International Conference on Human Haptic Sensing and Touch Enabled Computer Applications},
	pages={123--129},
	year={2010},
	organization={Springer}
}

@incollection{nordahl2012enhancing,
	title={Enhancing realism in virtual environments by simulating the audio-haptic sensation of walking on ground surfaces},
	author={Nordahl, Rolf and Serafin, Stefania and Nilsson, Niels C and Turchet, Luca},
	booktitle={2012 IEEE Virtual Reality (VR)}
}

@article{nordahl2011multimodal,
	title={A multimodal architecture for simulating natural interactive walking in virtual environments.},
	author={Nordahl, Rolf and Serafin, Stefania and Turchet, Luca and Nilsson, Niels C},
	journal={PsychNology Journal},
	volume={9},
	number={3},
	year={2011},
	publisher={Citeseer}
}

@article{nordahl2011sound,
	title={Sound synthesis and evaluation of interactive footsteps and environmental sounds rendering for virtual reality applications},
	author={Nordahl, Rolf and Turchet, Luca and Serafin, Stefania},
	journal={IEEE transactions on visualization and computer graphics},
	volume={17},
	number={9},
	pages={1234--1244},
	year={2011},
	publisher={IEEE}
}

@inproceedings{papetti2009shoe,
	title={A shoe-based interface for ecological ground augmentation},
	author={Papetti, Stefano and Fontana, Federico and Civolani, Marco},
	booktitle={Proc. 4th Int. Haptic and Auditory Interaction Design Workshop, Dresden, Germany},
	volume={2},
	pages={44},
	year={2009}
}

@inproceedings{papetti2010audio,
	title={Audio-tactile display of ground properties using interactive shoes},
	author={Papetti, Stefano and Fontana, Federico and Civolani, Marco and Berrezag, Amir and Hayward, Vincent},
	booktitle={International Workshop on Haptic and Audio Interaction Design},
	pages={117--128},
	year={2010},
	organization={Springer}
}

@inproceedings{nilsson2016walking,
	title={Walking in place through virtual worlds},
	author={Nilsson, Niels Christian and Serafin, Stefania and Nordahl, Rolf},
	booktitle={International Conference on Human-Computer Interaction},
	pages={37--48},
	year={2016},
	organization={Springer}
}

@inproceedings{guy2015lazynav,
	title={LazyNav: 3D ground navigation with non-critical body parts},
	author={Guy, Emilie and Punpongsanon, Parinya and Iwai, Daisuke and Sato, Kosuke and Boubekeur, Tamy},
	booktitle={3D User Interfaces (3DUI), 2015 IEEE Symposium on},
	pages={43--50},
	year={2015},
	organization={IEEE}
}

@article{punpongsanon2017extended,
	title={Extended LazyNav: Virtual 3D ground navigation for large displays and head-mounted displays},
	author={Punpongsanon, Parinya and Guy, Emilie and Iwai, Daisuke and Sato, Kosuke and Boubekeur, Tamy},
	journal={IEEE transactions on visualization and computer graphics},
	volume={23},
	number={8},
	pages={1952--1963},
	year={2017},
	publisher={IEEE}
}

@inproceedings{nilsson2013tapping,
	title={Tapping-in-place: Increasing the naturalness of immersive walking-in-place locomotion through novel gestural input},
	author={Nilsson, Niels C and Serafin, Stefania and Laursen, Morten H and Pedersen, Kasper S and Sikstrom, Erik and Nordahl, Rolf},
	booktitle={2013 IEEE Symposium on 3D User Interfaces (3DUI)},
	pages={31--38},
	year={2013},
	organization={IEEE}
}

@inproceedings{nilsson2013perceived,
	title={The perceived naturalness of virtual locomotion methods devoid of explicit leg movements},
	author={Nilsson, Niels Christian and Serafin, Stefania and Nordahl, Rolf},
	booktitle={Proceedings of Motion on Games},
	pages={155--164},
	year={2013},
	organization={ACM}
}

@inproceedings{bruno2013new,
	title={A new approach to walking in place},
	author={Bruno, Lu{\'\i}s and Pereira, Jo{\~a}o and Jorge, Joaquim},
	booktitle={IFIP Conference on Human-Computer Interaction},
	pages={370--387},
	year={2013},
	organization={Springer}
}

@inproceedings{yan2004new,
	title={New simple virtual walking method-walking on the spot},
	author={Yan, L and Allison, RS and Rushton, SK},
	booktitle={Proceedings of the IPT Symposium},
	year={2004}
}

@article{slater1995taking,
	title={Taking steps: the influence of a walking technique on presence in virtual reality},
	author={Slater, Mel and Usoh, Martin and Steed, Anthony},
	journal={ACM Transactions on Computer-Human Interaction (TOCHI)},
	volume={2},
	number={3},
	pages={201--219},
	year={1995},
	publisher={ACM}
}

@inproceedings{usoh1999walking,
	title={Walking> walking-in-place> flying, in virtual environments},
	author={Usoh, Martin and Arthur, Kevin and Whitton, Mary C and Bastos, Rui and Steed, Anthony and Slater, Mel and Brooks Jr, Frederick P},
	booktitle={Proceedings of the 26th annual conference on Computer graphics and interactive techniques},
	pages={359--364},
	year={1999},
	organization={ACM Press/Addison-Wesley Publishing Co.}
}

@inproceedings{langbehn2015evaluation,
	title={Evaluation of an omnidirectional walking-in-place user interface with virtual locomotion speed scaled by forward leaning angle},
	author={Langbehn, Eike and Eichler, Tobias and Ghose, Sobin and von Luck, Kai and Bruder, Gerd and Steinicke, Frank},
	booktitle={Proceedings of the GI Workshop on Virtual and Augmented Reality (GI VR/AR)},
	pages={149--160},
	year={2015}
}

@article{templeman1999virtual,
	title={Virtual locomotion: Walking in place through virtual environments},
	author={Templeman, James N and Denbrook, Patricia S and Sibert, Linda E},
	journal={Presence},
	volume={8},
	number={6},
	pages={598--617},
	year={1999},
	publisher={MIT Press}
}

@inproceedings{terziman2010shake,
	title={Shake-your-head: Revisiting walking-in-place for desktop virtual reality},
	author={Terziman, L{\'e}o and Marchal, Maud and Emily, Mathieu and Multon, Franck and Arnaldi, Bruno and L{\'e}cuyer, Anatole},
	booktitle={Proceedings of the 17th ACM Symposium on Virtual Reality Software and Technology},
	pages={27--34},
	year={2010},
	organization={ACM}
}

@inproceedings{de2008using,
	title={Using the Wii Balance Board™ as a low-cost VR interaction device},
	author={de Haan, Gerwin and Griffith, Eric J and Post, Frits H},
	booktitle={Proceedings of the 2008 ACM symposium on Virtual reality software and technology},
	pages={289--290},
	year={2008},
	organization={ACM}
}

@inproceedings{marchal2011joyman,
	title={Joyman: A human-scale joystick for navigating in virtual worlds},
	author={Marchal, Maud and Pettr{\'e}, Julien and L{\'e}cuyer, Anatole},
	booktitle={IEEE Symposium on 3D User Interfaces 2011 (3DUI)},
	year={2011}
}

@inproceedings{arnskov2018threefold,
	title={A Threefold Approach for Precise and Efficient Locomotion in Virtual Environments with Varying Accessibility},
	author={Arnskov, Thomas and Elmholdt, Anders and Jensen, Kristian and Kristoffersen, Nicklas and Litvinas, Jonas and Waldhausen, Frederik L and Nilsson, Niels C and Nordahl, Rolf and Serafin, Stefania},
	booktitle={2018 IEEE Conference on Virtual Reality and 3D User Interfaces (VR)},
	pages={507--508},
	year={2018},
	organization={IEEE}
}

@inproceedings{felberbaum2018better,
	title={Better Understanding of Foot Gestures: An Elicitation Study},
	author={Felberbaum, Yasmin and Lanir, Joel},
	booktitle={Proceedings of the 2018 CHI Conference on Human Factors in Computing Systems},
	pages={334},
	year={2018},
	organization={ACM}
}

@article{sun2016mapping,
	title={Mapping virtual and physical reality},
	author={Sun, Qi and Wei, Li-Yi and Kaufman, Arie},
	journal={ACM Transactions on Graphics (TOG)},
	volume={35},
	number={4},
	pages={64},
	year={2016},
	publisher={ACM}
}

@inproceedings{yin2003footsee,
	title={Footsee: an interactive animation system},
	author={Yin, KangKang and Pai, Dinesh K},
	booktitle={Proceedings of the 2003 ACM SIGGRAPH/Eurographics symposium on Computer animation},
	pages={329--338},
	year={2003},
	organization={Eurographics Association}
}

@article{morley2001shoe,
	title={In-shoe multisensory data acquisition system},
	author={Morley, Robert E and Richter, Edward J and Klaesner, Joseph W and Maluf, Katrina S and Mueller, Michael J},
	journal={IEEE Transactions on Biomedical Engineering},
	volume={48},
	number={7},
	pages={815--820},
	year={2001},
	publisher={IEEE}
}

@inproceedings{lv2014foot,
	title={Foot motion sensing: augmented game interface based on foot interaction for smartphone},
	author={Lv, Zhihan and Feng, Shengzhong and Khan, Muhammad Sikandar Lal and Ur R{\'e}hman, Shafiq and Li, Haibo},
	booktitle={CHI'14 Extended Abstracts on Human Factors in Computing Systems},
	pages={293--296},
	year={2014},
	organization={ACM}
}

@inproceedings{lu2013hand,
	title={Hand and foot gesture interaction for handheld devices},
	author={Lu, Zhihan and Lal Khan, Muhammad Sikandar and Ur R{\'e}hman, Shafiq},
	booktitle={Proceedings of the 21st ACM international conference on Multimedia},
	pages={621--624},
	year={2013},
	organization={ACM}
}

@inproceedings{lee1998control,
	title={The control of avatar motion using hand gesture},
	author={Lee, ChanSu and Ghyme, SangWon and Park, ChanJong and Wohn, KwangYun},
	booktitle={Proceedings of the ACM symposium on Virtual reality software and technology},
	pages={59--65},
	year={1998},
	organization={ACM}
}

@inproceedings{alp2017action,
  title={Action recognition using MHI based Hu moments with HMMs},
  author={Alp, Elit Cenk and Keles, Hacer Yalim},
  booktitle={IEEE EUROCON 2017-17th International Conference on Smart Technologies},
  pages={212--216},
  year={2017},
  organization={IEEE}
}

@inproceedings{sundaresan2003hidden,
  title={A hidden markov model based framework for recognition of humans from gait sequences},
  author={Sundaresan, Aravind and RoyChowdhury, Amit and Chellappa, Rama},
  booktitle={Proceedings 2003 International Conference on Image Processing (Cat. No. 03CH37429)},
  volume={2},
  pages={II--93},
  year={2003},
  organization={IEEE}
}

@article{wilson1999parametric,
  title={Parametric hidden markov models for gesture recognition},
  author={Wilson, Andrew D and Bobick, Aaron F},
  journal={IEEE transactions on pattern analysis and machine intelligence},
  volume={21},
  number={9},
  pages={884--900},
  year={1999},
  publisher={IEEE}
}

@article{chen2003hand,
  title={Hand gesture recognition using a real-time tracking method and hidden Markov models},
  author={Chen, Feng-Sheng and Fu, Chih-Ming and Huang, Chung-Lin},
  journal={Image and vision computing},
  volume={21},
  number={8},
  pages={745--758},
  year={2003},
  publisher={Elsevier}
}

@inproceedings{eickeler1998hidden,
  title={Hidden markov model based continuous online gesture recognition},
  author={Eickeler, Stefan and Kosmala, Andreas and Rigoll, Gerhard},
  booktitle={Proceedings. Fourteenth International Conference on Pattern Recognition (Cat. No. 98EX170)},
  volume={2},
  pages={1206--1208},
  year={1998},
  organization={IEEE}
}

@article{nilsson2016perceived,
	title={The Perceived Naturalness of Virtual Walking Speeds during WIP locomotion: Summary and Meta-Analyses.},
	author={Nilsson, Niels Christian and Serafin, Stefania and Nordahl, Rolf},
	journal={PsychNology Journal},
	volume={14},
	number={1},
	year={2016}
}